<?xml version="1.0" encoding="UTF-8"?><collection xmlns="http://www.loc.gov/MARC21/slim"><record><leader>00441nam--2200133-i-4500</leader><controlfield tag="001">000014843</controlfield><controlfield tag="002">20161230</controlfield><controlfield tag="005">20161230201031</controlfield><controlfield tag="008">060222s1000------------r-----000-0-eng-d</controlfield><datafield ind1=" " ind2=" " tag="080"><subfield code="a">530.145(061.3)</subfield></datafield><datafield ind1=" " ind2=" " tag="245"><subfield code="a">Gauge theories and modern field theory. pro- ceedings of a conference held at northeastern university, boston september 26 and 27, 1975</subfield></datafield><datafield ind1=" " ind2=" " tag="260"><subfield code="a">Cambridge, The Mit Press, 1976 428 P</subfield></datafield><datafield ind1=" " ind2=" " tag="700"><subfield code="a">Arnowitt, Richard</subfield></datafield><datafield ind1=" " ind2=" " tag="852"><subfield code="a">75752</subfield></datafield></record></collection>